@article{shi1994good,
  title={Good features to track},
  author={Shi, Jianbo and Tomasi, Carlo},
  booktitle={1994 IEEE Conference on Computer Vision and Pattern Recognition},
  pages={593--600},
  year={1994},
  organization={IEEE}
}